<marcxml:record xmlns:marcxml="http://www.loc.gov/MARC21/slim" xmlns:mets="http://www.loc.gov/METS/" xmlns:bf="http://id.loc.gov/ontologies/bibframe/" xmlns:bflc="http://id.loc.gov/ontologies/bflc/" xmlns:madsrdf="http://www.loc.gov/mads/rdf/v1#" xmlns:rdf="http://www.w3.org/1999/02/22-rdf-syntax-ns#" xmlns:ri="http://id.loc.gov/ontologies/RecordInfo#" xmlns:idx="info:lc/xq-modules/lcindex" xmlns:semtriples="http://marklogic.com/semantic" xmlns:xsi="http://www.w3.org/2001/XMLSchema-instance" xmlns:xlink="http://www.w3.org/1999/xlink" xmlns:streams="info:lc/streams#">
  <marcxml:leader>01574cam a2200361 i 4500</marcxml:leader>
  <marcxml:controlfield tag="001">17820584</marcxml:controlfield>
  <marcxml:controlfield tag="005">20151008095016.0</marcxml:controlfield>
  <marcxml:controlfield tag="008">130720t20142011mnu    c      000 1 eng  </marcxml:controlfield>
  <marcxml:datafield tag="906" ind1=" " ind2=" ">
    <marcxml:subfield code="a">7</marcxml:subfield>
    <marcxml:subfield code="b">cbc</marcxml:subfield>
    <marcxml:subfield code="c">orignew</marcxml:subfield>
    <marcxml:subfield code="d">1</marcxml:subfield>
    <marcxml:subfield code="e">ecip</marcxml:subfield>
    <marcxml:subfield code="f">20</marcxml:subfield>
    <marcxml:subfield code="g">y-gencatlg</marcxml:subfield>
  </marcxml:datafield>
  <marcxml:datafield tag="925" ind1="0" ind2=" ">
    <marcxml:subfield code="a">acquire</marcxml:subfield>
    <marcxml:subfield code="b">1 shelf copy</marcxml:subfield>
    <marcxml:subfield code="x">policy default</marcxml:subfield>
  </marcxml:datafield>
  <marcxml:datafield tag="925" ind1="1" ind2=" ">
    <marcxml:subfield code="a">acquire</marcxml:subfield>
    <marcxml:subfield code="b">2 shelf copies</marcxml:subfield>
    <marcxml:subfield code="x">policy default</marcxml:subfield>
  </marcxml:datafield>
  <marcxml:datafield tag="955" ind1=" " ind2=" ">
    <marcxml:subfield code="b">xk09 2013-07-19</marcxml:subfield>
    <marcxml:subfield code="i">xk09 2013-07-19 to cip</marcxml:subfield>
    <marcxml:subfield code="a">xn09 2013-11-22 1 copy rec'd., to CIP ver.</marcxml:subfield>
    <marcxml:subfield code="f">rm06 2013-12-06 to CALM (Telework)</marcxml:subfield>
    <marcxml:subfield code="t">rk08 2014-08-01 copy 2 added</marcxml:subfield>
  </marcxml:datafield>
  <marcxml:datafield tag="010" ind1=" " ind2=" ">
    <marcxml:subfield code="a">  2013024084</marcxml:subfield>
  </marcxml:datafield>
  <marcxml:datafield tag="020" ind1=" " ind2=" ">
    <marcxml:subfield code="a">9781467732659 (lib. bdg. : alk. paper)</marcxml:subfield>
  </marcxml:datafield>
  <marcxml:datafield tag="040" ind1=" " ind2=" ">
    <marcxml:subfield code="a">DLC</marcxml:subfield>
    <marcxml:subfield code="b">eng</marcxml:subfield>
    <marcxml:subfield code="c">DLC</marcxml:subfield>
    <marcxml:subfield code="e">rda</marcxml:subfield>
    <marcxml:subfield code="d">DLC</marcxml:subfield>
  </marcxml:datafield>
  <marcxml:datafield tag="042" ind1=" " ind2=" ">
    <marcxml:subfield code="a">lcac</marcxml:subfield>
    <marcxml:subfield code="a">pcc</marcxml:subfield>
  </marcxml:datafield>
  <marcxml:datafield tag="050" ind1="0" ind2="0">
    <marcxml:subfield code="a">PZ7.F65785</marcxml:subfield>
    <marcxml:subfield code="b">Ch 2014</marcxml:subfield>
  </marcxml:datafield>
  <marcxml:datafield tag="082" ind1="0" ind2="0">
    <marcxml:subfield code="a">[Fic]</marcxml:subfield>
    <marcxml:subfield code="2">23</marcxml:subfield>
  </marcxml:datafield>
  <marcxml:datafield tag="100" ind1="1" ind2=" ">
    <marcxml:subfield code="a">Flitcroft, Jean.</marcxml:subfield>
  </marcxml:datafield>
  <marcxml:datafield tag="240" ind1="1" ind2="0">
    <marcxml:subfield code="a">Mexican Devil</marcxml:subfield>
  </marcxml:datafield>
  <marcxml:datafield tag="245" ind1="1" ind2="4">
    <marcxml:subfield code="a">The Chupacabra /</marcxml:subfield>
    <marcxml:subfield code="c">Jean Flitcroft.</marcxml:subfield>
  </marcxml:datafield>
  <marcxml:datafield tag="264" ind1=" " ind2="1">
    <marcxml:subfield code="a">Minneapolis :</marcxml:subfield>
    <marcxml:subfield code="b">Darby Creek,</marcxml:subfield>
    <marcxml:subfield code="c">2014.</marcxml:subfield>
  </marcxml:datafield>
  <marcxml:datafield tag="264" ind1=" " ind2="4">
    <marcxml:subfield code="c">©2011</marcxml:subfield>
  </marcxml:datafield>
  <marcxml:datafield tag="300" ind1=" " ind2=" ">
    <marcxml:subfield code="a">225 pages ;</marcxml:subfield>
    <marcxml:subfield code="c">20 cm.</marcxml:subfield>
  </marcxml:datafield>
  <marcxml:datafield tag="336" ind1=" " ind2=" ">
    <marcxml:subfield code="a">text</marcxml:subfield>
    <marcxml:subfield code="2">rdacontent</marcxml:subfield>
  </marcxml:datafield>
  <marcxml:datafield tag="337" ind1=" " ind2=" ">
    <marcxml:subfield code="a">unmediated</marcxml:subfield>
    <marcxml:subfield code="2">rdamedia</marcxml:subfield>
  </marcxml:datafield>
  <marcxml:datafield tag="338" ind1=" " ind2=" ">
    <marcxml:subfield code="a">volume</marcxml:subfield>
    <marcxml:subfield code="2">rdacarrier</marcxml:subfield>
  </marcxml:datafield>
  <marcxml:datafield tag="490" ind1="0" ind2=" ">
    <marcxml:subfield code="a">The cryptid files ;</marcxml:subfield>
    <marcxml:subfield code="v">#2</marcxml:subfield>
  </marcxml:datafield>
  <marcxml:datafield tag="500" ind1=" " ind2=" ">
    <marcxml:subfield code="a">Originally published in Ireland by Little Island in 2011 under title: Mexican Devil.</marcxml:subfield>
  </marcxml:datafield>
  <marcxml:datafield tag="520" ind1=" " ind2=" ">
    <marcxml:subfield code="a">"Vanessa's summer holiday on a ranch in Mexico is turned upside down as she enters a shadowy world of mysterious animal death, magical curses and dark family secrets. As she tumbles headlong into the mystery of El Chupacabra she starts to understand why some call it the Mexican Devil"--</marcxml:subfield>
    <marcxml:subfield code="c">Provided by publisher.</marcxml:subfield>
  </marcxml:datafield>
  <marcxml:datafield tag="650" ind1=" " ind2="1">
    <marcxml:subfield code="a">Chupacabras</marcxml:subfield>
    <marcxml:subfield code="v">Fiction.</marcxml:subfield>
  </marcxml:datafield>
  <marcxml:datafield tag="651" ind1=" " ind2="1">
    <marcxml:subfield code="a">Mexico</marcxml:subfield>
    <marcxml:subfield code="v">Fiction.</marcxml:subfield>
  </marcxml:datafield>
  <marcxml:datafield tag="650" ind1=" " ind2="1">
    <marcxml:subfield code="a">Horror stories.</marcxml:subfield>
  </marcxml:datafield>
</marcxml:record>
